
@Article{	  abbate1999,
  author	= {Abbate, J.},
  title		= {{Getting small: a short history of the personal
		  computer}},
  journal	= {Proc. IEEE},
  volume	= {87},
  number	= {9},
  pages		= {1695--1698},
  year		= {1999},
  month		= sep,
  issn		= {1558-2256},
  publisher	= {IEEE},
  doi		= {10.1109/5.784256}
}

@Article{	  abbate1999,
  author	= {Abbate, J.},
  title		= {{Getting small: a short history of the personal
		  computer}},
  journal	= {Proc. IEEE},
  volume	= {87},
  number	= {9},
  pages		= {1695--1698},
  year		= {1999},
  month		= sep,
  issn		= {1558-2256},
  publisher	= {IEEE},
  doi		= {10.1109/5.784256}
}

@Book{		  abelson2022,
  title		= {Structure and Interpretation of Computer Programs:
		  JavaScript Edition},
  author	= {Abelson, Harold and Sussman, Gerald Jay},
  year		= {2022},
  publisher	= {MIT Press}
}

@Article{	  backus1978,
  title		= {The history of Fortran I, II, and III},
  author	= {Backus, John},
  journal	= {ACM Sigplan Notices},
  volume	= {13},
  number	= {8},
  pages		= {165--180},
  year		= {1978},
  publisher	= {ACM New York, NY, USA}
}

@Article{	  backus1978,
  title		= {The history of Fortran I, II, and III},
  author	= {Backus, John},
  journal	= {ACM Sigplan Notices},
  volume	= {13},
  number	= {8},
  pages		= {165--180},
  year		= {1978},
  publisher	= {ACM New York, NY, USA}
}

@Misc{		  baez2023,
  title		= {{Applied Category Theory Course}},
  author	= {Baez, John},
  year		= {2023},
  month		= sep,
  note		= {[Online; accessed 3. Nov. 2023]},
  url		= {https://math.ucr.edu/home/baez/act_course}
}

@Article{	  barrett2013,
  title		= {Psychological construction: The Darwinian approach to the
		  science of emotion},
  author	= {Barrett, Lisa Feldman},
  journal	= {Emotion review},
  volume	= {5},
  number	= {4},
  pages		= {379--389},
  year		= {2013},
  publisher	= {Sage Publications Sage UK: London, England}
}

@Article{	  batch2017,
  title		= {The interactive visualization gap in initial exploratory
		  data analysis},
  author	= {Batch, Andrea and Elmqvist, Niklas},
  journal	= {IEEE transactions on visualization and computer graphics},
  volume	= {24},
  number	= {1},
  pages		= {278--287},
  year		= {2017},
  publisher	= {IEEE}
}

@Article{	  batch2017interactive,
  title		= {The interactive visualization gap in initial exploratory
		  data analysis},
  author	= {Batch, Andrea and Elmqvist, Niklas},
  journal	= {IEEE transactions on visualization and computer graphics},
  volume	= {24},
  number	= {1},
  pages		= {278--287},
  year		= {2017},
  publisher	= {IEEE}
}

@Article{	  becker1987,
  title		= {Brushing scatterplots},
  author	= {Becker, Richard A and Cleveland, William S},
  journal	= {Technometrics},
  volume	= {29},
  number	= {2},
  pages		= {127--142},
  year		= {1987},
  publisher	= {Taylor \& Francis}
}

@Article{	  becker1987,
  title		= {Brushing scatterplots},
  author	= {Becker, Richard A and Cleveland, William S},
  journal	= {Technometrics},
  volume	= {29},
  number	= {2},
  pages		= {127--142},
  year		= {1987},
  publisher	= {Taylor \& Francis}
}

@Article{	  beckmann1995,
  title		= {On the problem of visualizing point distributions in high
		  dimensional spaces},
  author	= {Beckmann, Peter E},
  journal	= {Computers \& graphics},
  volume	= {19},
  number	= {4},
  pages		= {617--629},
  year		= {1995},
  publisher	= {Elsevier}
}

@Book{		  bertin1967,
  author	= {Bertin, Jacques},
  title		= {{Sémiologie Graphique: Les diagrammes, les réseaux, les
		  cartes}},
  year		= {1967},
  publisher	= {Gauthier-Villars},
  adress	= {Paris}
}

@Book{		  bertin1967,
  author	= {Bertin, Jacques},
  title		= {{Sémiologie Graphique: Les diagrammes, les réseaux, les
		  cartes}},
  year		= {1967},
  publisher	= {Gauthier-Villars},
  adress	= {Paris}
}

@Book{		  bertin1983,
  title		= {Semiology of graphics},
  author	= {Bertin, Jacques},
  year		= {1983},
  publisher	= {University of Wisconsin press}
}

@Misc{		  betancourt2020may,
  author	= {Betancourt, Michael},
  title		= {{Visualization Q and A}},
  journal	= {YouTube},
  year		= {2020},
  month		= may,
  publisher	= {Youtube},
  note		= {[Online; accessed 6. Oct. 2022]},
  url		= {https://www.youtube.com/watch?v=vPNxo9XdeLk}
}

@Misc{		  betancourt2020may,
  author	= {Betancourt, Michael},
  title		= {{Visualization Q and A}},
  journal	= {YouTube},
  year		= {2020},
  month		= may,
  publisher	= {Youtube},
  note		= {[Online; accessed 6. Oct. 2022]},
  url		= {https://www.youtube.com/watch?v=vPNxo9XdeLk}
}

@InProceedings{	  bierman2014,
  title		= {Understanding typescript},
  author	= {Bierman, Gavin and Abadi, Mart{\'\i}n and Torgersen, Mads},
  booktitle	= {European Conference on Object-Oriented Programming},
  pages		= {257--281},
  year		= {2014},
  organization	= {Springer}
}

@InProceedings{	  bierman2014understanding,
  title		= {Understanding typescript},
  author	= {Bierman, Gavin and Abadi, Mart{\'\i}n and Torgersen, Mads},
  booktitle	= {European Conference on Object-Oriented Programming},
  pages		= {257--281},
  year		= {2014},
  organization	= {Springer}
}

@Article{	  bostock2011,
  title		= {D$^3$ data-driven documents},
  author	= {Bostock, Michael and Ogievetsky, Vadim and Heer, Jeffrey},
  journal	= {IEEE transactions on visualization and computer graphics},
  volume	= {17},
  number	= {12},
  pages		= {2301--2309},
  year		= {2011},
  publisher	= {IEEE}
}

@Misc{		  bostock2022,
  author	= {Bostock, Mike},
  title		= {{D3.js - Data-Driven Documents}},
  year		= {2022},
  month		= jul,
  note		= {[Online; accessed 18. Oct. 2022]},
  url		= {https://d3js.org}
}

@Misc{		  bostock2022,
  author	= {Bostock, Mike},
  title		= {{D3.js - Data-Driven Documents}},
  year		= {2022},
  month		= jul,
  note		= {[Online; accessed 18. Oct. 2022]},
  url		= {https://d3js.org}
}

@Book{		  braithwaite2019,
  author	= {Braithwaite, Reginald},
  title		= {Javascript Allongé},
  publisher	= {Leanpub},
  year		= {2019}
}

@Book{		  braithwaite2019,
  author	= {Braithwaite, Reginald},
  title		= {Javascript Allongé},
  publisher	= {Leanpub},
  year		= {2019}
}

@InCollection{	  brodbeck2009,
  author	= {Brodbeck, Dominique and Mazza, Riccardo and Lalanne,
		  Denis},
  title		= {{Interactive Visualization - A Survey}},
  booktitle	= {{Human Machine Interaction}},
  journal	= {SpringerLink},
  pages		= {27--46},
  year		= {2009},
  publisher	= {Springer},
  address	= {Berlin, Germany},
  doi		= {10.1007/978-3-642-00437-7_2}
}

@InCollection{	  brodbeck2009,
  author	= {Brodbeck, Dominique and Mazza, Riccardo and Lalanne,
		  Denis},
  title		= {{Interactive Visualization - A Survey}},
  booktitle	= {{Human Machine Interaction}},
  journal	= {SpringerLink},
  pages		= {27--46},
  year		= {2009},
  publisher	= {Springer},
  address	= {Berlin, Germany},
  doi		= {10.1007/978-3-642-00437-7_2}
}

@Article{	  buja1996,
  title		= {Interactive high-dimensional data visualization},
  author	= {Buja, Andreas and Cook, Dianne and Swayne, Deborah F},
  journal	= {Journal of computational and graphical statistics},
  volume	= {5},
  number	= {1},
  pages		= {78--99},
  year		= {1996},
  publisher	= {Taylor \& Francis}
}

@Article{	  byron2008,
  title		= {Stacked graphs--geometry \& aesthetics},
  author	= {Byron, Lee and Wattenberg, Martin},
  journal	= {IEEE transactions on visualization and computer graphics},
  volume	= {14},
  number	= {6},
  pages		= {1245--1252},
  year		= {2008},
  publisher	= {IEEE}
}

@Book{		  cairo2012,
  title		= {The Functional Art: An introduction to information
		  graphics and visualization},
  author	= {Cairo, Alberto},
  year		= {2012},
  publisher	= {New Riders}
}

@InCollection{	  cairo2014,
  title		= {Graphics lies, misleading visuals: Reflections on the
		  challenges and pitfalls of evidence-driven visual
		  communication},
  author	= {Cairo, Alberto},
  booktitle	= {New challenges for data design},
  pages		= {103--116},
  year		= {2014},
  publisher	= {Springer}
}

@Book{		  cairo2019,
  title		= {How charts lie: Getting smarter about visual information},
  author	= {Cairo, Alberto},
  year		= {2019},
  publisher	= {WW Norton \& Company}
}

@Article{	  carrasco2011visual,
  title		= {Visual attention: The past 25 years},
  author	= {Carrasco, Marisa},
  journal	= {Vision research},
  volume	= {51},
  number	= {13},
  pages		= {1484--1525},
  year		= {2011},
  publisher	= {Elsevier}
}

@Article{	  carrasco2011visual,
  title		= {Visual attention: The past 25 years},
  author	= {Carrasco, Marisa},
  journal	= {Vision research},
  volume	= {51},
  number	= {13},
  pages		= {1484--1525},
  year		= {2011},
  publisher	= {Elsevier}
}

@Article{	  chen2008,
  title		= {A brief history of data visualization},
  author	= {Chen, Chun-houh and H{\"a}rdle, Wolfgang and Unwin, Antony
		  and Friendly, Michael},
  journal	= {Handbook of data visualization},
  pages		= {15--56},
  year		= {2008},
  publisher	= {Springer}
}

@Article{	  cleveland1984,
  title		= {Graphical perception: Theory, experimentation, and
		  application to the development of graphical methods},
  author	= {Cleveland, William S and McGill, Robert},
  journal	= {Journal of the American statistical association},
  volume	= {79},
  number	= {387},
  pages		= {531--554},
  year		= {1984},
  publisher	= {Taylor \& Francis}
}

@Book{		  codd1990,
  title		= {The relational model for database management: version 2},
  author	= {Codd, Edgar F},
  year		= {1990},
  publisher	= {Addison-Wesley Longman Publishing Co., Inc.}
}

@Manual{	  cook2023,
  title		= {eechidna: Exploring Election and Census Highly Informative
		  Data Nationally for Australia},
  author	= {Jeremy Forbes and Di Cook and Anthony Ebert and Heike
		  Hofmann and Rob Hyndman and Thomas Lumley and Ben Marwick
		  and Carson Sievert and Mingzhu Sun and Dilini Talagala and
		  Nicholas Tierney and Nathaniel Tomasetti and Earo Wang and
		  Fang Zhou},
  year		= {2023},
  note		= {https://github.com/jforbes14/eechidna/,
		  https://jforbes14.github.io/eechidna/}
}

@Article{	  costigan1990,
  title		= {William Playfair (1759-1823)},
  author	= {Costigan-Eaves, Patricia and Macdonald-Ross, Michael},
  journal	= {Statistical Science},
  volume	= {5},
  number	= {3},
  pages		= {318--326},
  year		= {1990},
  publisher	= {Institute of Mathematical Statistics}
}

@Misc{		  crossfilter2023,
  title		= {{Crossfilter}},
  author	= {{Crossfilter Organization}},
  journal	= {GitHub},
  year		= {2023},
  month		= oct,
  note		= {[Online; accessed 31. Oct. 2023]},
  url		= {https://github.com/crossfilter/crossfilter}
}

@Misc{		  crossfilter2024,
  title		= {{[WIP] Crossfilter discussion {$\cdot$} Issue {\#}1316
		  {$\cdot$} plotly/plotly.js}},
  author	= {Monfera, Robert},
  journal	= {GitHub},
  year		= {2017},
  month		= feb,
  note		= {[Online; accessed 22. Feb. 2024]},
  url		= {https://github.com/plotly/plotly.js/issues/1316}
}

@InCollection{	  dix1998,
  author	= {Dix, Alan and Ellis, Geoffrey},
  title		= {{Starting simple: adding value to static visualisation
		  through simple interaction}},
  booktitle	= {{AVI '98: Proceedings of the working conference on
		  Advanced visual interfaces}},
  pages		= {124--134},
  year		= {1998},
  month		= may,
  isbn		= {978-1-45037435-4},
  publisher	= {Association for Computing Machinery},
  address	= {New York, NY, USA},
  doi		= {10.1145/948496.948514}
}

@InCollection{	  dix1998,
  author	= {Dix, Alan and Ellis, Geoffrey},
  title		= {{Starting simple: adding value to static visualisation
		  through simple interaction}},
  booktitle	= {{AVI '98: Proceedings of the working conference on
		  Advanced visual interfaces}},
  pages		= {124--134},
  year		= {1998},
  month		= may,
  isbn		= {978-1-45037435-4},
  publisher	= {Association for Computing Machinery},
  address	= {New York, NY, USA},
  doi		= {10.1145/948496.948514}
}

@Book{		  doglio2016,
  title		= {Reactive Programming with Node. js},
  author	= {Doglio, Fernando},
  year		= {2016},
  publisher	= {Springer}
}

@Book{		  doglio2016,
  title		= {Reactive Programming with Node. js},
  author	= {Doglio, Fernando},
  year		= {2016},
  publisher	= {Springer}
}

@Article{	  donoho1988,
  title		= {MacSpin: Dynamic graphics on a desktop computer},
  author	= {Donoho, Andrew W and Donoho, David L and Gasko, Miriam},
  journal	= {IEEE Computer Graphics and applications},
  volume	= {8},
  number	= {4},
  pages		= {51--58},
  year		= {1988},
  publisher	= {IEEE}
}

@Article{	  donoho1988,
  title		= {MacSpin: Dynamic graphics on a desktop computer},
  author	= {Donoho, Andrew W and Donoho, David L and Gasko, Miriam},
  journal	= {IEEE Computer Graphics and applications},
  volume	= {8},
  number	= {4},
  pages		= {51--58},
  year		= {1988},
  publisher	= {IEEE}
}

@InProceedings{	  efanov2021,
  title		= {Welford’s algorithm for weighted statistics},
  author	= {Efanov, Andrey A and Ivliev, Sergey A and Shagraev, Alexey
		  G},
  booktitle	= {2021 3rd International Youth Conference on Radio
		  Electronics, Electrical and Power Engineering (REEPE)},
  pages		= {1--5},
  year		= {2021},
  organization	= {IEEE}
}

@TechReport{	  fisherkeller1974,
  title		= {An interactive multidimensional data display and analysis
		  system},
  author	= {Fisherkeller, Mary Anne and Friedman, Jerome H and Tukey,
		  John W},
  year		= {1974},
  institution	= {SLAC National Accelerator Lab., Menlo Park, CA (United
		  States)}
}

@TechReport{	  fisherkeller1974,
  title		= {An interactive multidimensional data display and analysis
		  system},
  author	= {Fisherkeller, Mary Anne and Friedman, Jerome H and Tukey,
		  John W},
  year		= {1974},
  institution	= {SLAC National Accelerator Lab., Menlo Park, CA (United
		  States)}
}

@Misc{		  flare2020,
  title		= {{Flare {$\vert$} Data Visualization for the Web}},
  author	= {Burleson, Thomas},
  journal	= {Blokt - Privacy, Tech, Bitcoin, Blockchain {\&}
		  Cryptocurrency},
  year		= {2020},
  month		= nov,
  note		= {[Online; accessed 18. Oct. 2022]},
  url		= {https://blokt.com/tool/prefuse-flare}
}

@Misc{		  flare2020,
  title		= {{Flare {$\vert$} Data Visualization for the Web}},
  journal	= {Blokt - Privacy, Tech, Bitcoin, Blockchain {\&}
		  Cryptocurrency},
  year		= {2020},
  month		= nov,
  note		= {[Online; accessed 18. Oct. 2022]},
  url		= {https://blokt.com/tool/prefuse-flare}
}

@Book{		  fong2019,
  title		= {An invitation to applied category theory: seven sketches
		  in compositionality},
  author	= {Fong, Brendan and Spivak, David I},
  year		= {2019},
  publisher	= {Cambridge University Press}
}

@Article{	  fowlkes1969,
  title		= {User’s manual for a system fo active probability
		  plotting on Graphic-2},
  author	= {Fowlkes, EB},
  journal	= {Tech-nical Memorandum, AT\&T Bell Labs, Murray Hill, NJ},
  year		= {1969}
}

@Article{	  fowlkes1969,
  title		= {User’s manual for a system for interactive probability
		  plotting on Graphic-2},
  author	= {Fowlkes, EB},
  journal	= {Tech-nical Memorandum, AT\&T Bell Labs, Murray Hill, NJ},
  year		= {1969}
}

@Article{	  franconeri2021,
  title		= {The science of visual data communication: What works},
  author	= {Franconeri, Steven L and Padilla, Lace M and Shah, Priti
		  and Zacks, Jeffrey M and Hullman, Jessica},
  journal	= {Psychological Science in the public interest},
  volume	= {22},
  number	= {3},
  pages		= {110--161},
  year		= {2021},
  publisher	= {Sage Publications Sage CA: Los Angeles, CA}
}

@InCollection{	  friendly2006,
  author	= {Michael Friendly},
  title		= {A Brief History of Data Visualization},
  year		= {2006},
  publisher	= {Springer-Verlag},
  address	= {Heidelberg},
  booktitle	= {Handbook of Computational Statistics: Data Visualization},
  volume	= {III},
  editor	= {C. Chen and W. H\"ardle and A Unwin},
  pages		= {???--???},
  note		= {(In press)}
}

@InCollection{	  friendly2006,
  author	= {Michael Friendly},
  title		= {A Brief History of Data Visualization},
  year		= {2006},
  publisher	= {Springer-Verlag},
  address	= {Heidelberg},
  booktitle	= {Handbook of Computational Statistics: Data Visualization},
  volume	= {III},
  editor	= {C. Chen and W. H\"ardle and A Unwin},
  pages		= {???--???},
  note		= {(In press)}
}

@Book{		  friendly2021,
  title		= {A history of data visualization and graphic
		  communication},
  author	= {Friendly, Michael and Wainer, Howard},
  year		= {2021},
  publisher	= {Harvard University Press}
}

@Book{		  friendly2021,
  title		= {A history of data visualization and graphic
		  communication},
  author	= {Friendly, Michael and Wainer, Howard},
  year		= {2021},
  publisher	= {Harvard University Press}
}

@Book{		  gamma1995,
  title		= {Design patterns: elements of reusable object-oriented
		  software},
  author	= {Gamma, Erich and Johnson, Ralph and Helm, Richard and
		  Johnson, Ralph E and Vlissides, John},
  year		= {1995},
  publisher	= {Pearson Deutschland GmbH}
}

@Book{		  gamma1995,
  title		= {Design patterns: elements of reusable object-oriented
		  software},
  author	= {Gamma, Erich and Johnson, Ralph and Helm, Richard and
		  Johnson, Ralph E and Vlissides, John},
  year		= {1995},
  publisher	= {Pearson Deutschland GmbH}
}

@Article{	  gelman2013,
  title		= {Infovis and statistical graphics: different goals,
		  different looks},
  author	= {Gelman, Andrew and Unwin, Antony},
  journal	= {Journal of Computational and Graphical Statistics},
  volume	= {22},
  number	= {1},
  pages		= {2--28},
  year		= {2013},
  publisher	= {Taylor \& Francis}
}

@Article{	  goebel2004,
  title		= {Visual system},
  author	= {Goebel, Rainer and Muckli, LARS and Kim, Dae-Shik},
  journal	= {The Human Nervous System Elsevier, San Diego},
  pages		= {1280--1305},
  year		= {2004}
}

@Article{	  gray1997,
  title		= {Data cube: A relational aggregation operator generalizing
		  group-by, cross-tab, and sub-totals},
  author	= {Gray, Jim and Chaudhuri, Surajit and Bosworth, Adam and
		  Layman, Andrew and Reichart, Don and Venkatrao, Murali and
		  Pellow, Frank and Pirahesh, Hamid},
  journal	= {Data mining and knowledge discovery},
  volume	= {1},
  pages		= {29--53},
  year		= {1997},
  publisher	= {Springer}
}

@InCollection{	  heer2005,
  author	= {Heer, Jeffrey and Card, Stuart K. and Landay, James A.},
  title		= {{prefuse: a toolkit for interactive information
		  visualization}},
  booktitle	= {{CHI '05: Proceedings of the SIGCHI Conference on Human
		  Factors in Computing Systems}},
  pages		= {421--430},
  year		= {2005},
  month		= apr,
  isbn		= {978-158113998},
  publisher	= {Association for Computing Machinery},
  address	= {New York, NY, USA},
  doi		= {10.1145/1054972.1055031}
}

@InCollection{	  heer2005,
  author	= {Heer, Jeffrey and Card, Stuart K. and Landay, James A.},
  title		= {{prefuse: a toolkit for interactive information
		  visualization}},
  booktitle	= {{CHI '05: Proceedings of the SIGCHI Conference on Human
		  Factors in Computing Systems}},
  pages		= {421--430},
  year		= {2005},
  month		= apr,
  isbn		= {978-158113998},
  publisher	= {Association for Computing Machinery},
  address	= {New York, NY, USA},
  doi		= {10.1145/1054972.1055031}
}

@InProceedings{	  heer2008,
  title		= {Generalized selection via interactive query relaxation},
  author	= {Heer, Jeffrey and Agrawala, Maneesh and Willett, Wesley},
  booktitle	= {Proceedings of the SIGCHI Conference on Human Factors in
		  Computing Systems},
  pages		= {959--968},
  year		= {2008}
}

@InProceedings{	  heer2010,
  title		= {Crowdsourcing graphical perception: using mechanical turk
		  to assess visualization design},
  author	= {Heer, Jeffrey and Bostock, Michael},
  booktitle	= {Proceedings of the SIGCHI conference on human factors in
		  computing systems},
  pages		= {203--212},
  year		= {2010}
}

@Article{	  heer2012,
  title		= {Interactive dynamics for visual analysis: A taxonomy of
		  tools that support the fluent and flexible use of
		  visualizations},
  author	= {Heer, Jeffrey and Shneiderman, Ben},
  journal	= {Queue},
  volume	= {10},
  number	= {2},
  pages		= {30--55},
  year		= {2012},
  publisher	= {ACM New York, NY, USA}
}

@Misc{		  highcharts2022,
  title		= {{Interactive javascript charts library}},
  journal	= {Highcharts},
  year		= {2022},
  month		= oct,
  note		= {[Online; accessed 18. Oct. 2022]},
  url		= {https://www.highcharts.com}
}

@Misc{		  highcharts2022,
  title		= {{Interactive javascript charts library}},
  journal	= {Highcharts},
  year		= {2022},
  month		= oct,
  note		= {[Online; accessed 18. Oct. 2022]},
  url		= {https://www.highcharts.com}
}

@Misc{		  highcharts2023,
  title		= {{Interactive javascript charts library}},
  author	= {{Highcharts Team}},
  year		= {2023},
  month		= mar,
  note		= {[Online; accessed 15. Mar. 2023]},
  url		= {https://www.highcharts.com}
}

@Misc{		  highschartsboost2022,
  title		= {{Render millions of chart points with the Boost Module
		  {\textendash} Highcharts}},
  journal	= {Highcharts},
  year		= {2022},
  month		= oct,
  note		= {[Online; accessed 18. Oct. 2022]},
  url		= {https://www.highcharts.com/blog/tutorials/highcharts-high-performance-boost-module}
}

@Misc{		  highschartsboost2022,
  title		= {{Render millions of chart points with the Boost Module
		  {\textendash} Highcharts}},
  journal	= {Highcharts},
  year		= {2022},
  month		= oct,
  note		= {[Online; accessed 18. Oct. 2022]},
  url		= {https://www.highcharts.com/blog/tutorials/highcharts-high-performance-boost-module}
}

@Article{	  hoffler2007,
  title		= {Instructional animation versus static pictures: A
		  meta-analysis},
  author	= {H{\"o}ffler, Tim N and Leutner, Detlev},
  journal	= {Learning and instruction},
  volume	= {17},
  number	= {6},
  pages		= {722--738},
  year		= {2007},
  publisher	= {Elsevier}
}

@Misc{		  holtz2022,
  author	= {Holtz, Yan},
  title		= {{Interactive charts {$\vert$} the R Graph Gallery}},
  year		= {2022},
  month		= aug,
  note		= {[Online; accessed 22. Aug. 2022]},
  url		= {https://r-graph-gallery.com/interactive-charts.html}
}

@Misc{		  holtz2022interactive,
  author	= {Holtz, Yan},
  title		= {{Interactive charts {$\vert$} the R Graph Gallery}},
  year		= {2022},
  month		= aug,
  note		= {[Online; accessed 22. Aug. 2022]},
  url		= {https://r-graph-gallery.com/interactive-charts.html}
}

@Article{	  hotz2020,
  title		= {Mathematical Foundations in Visualization},
  author	= {Hotz, Ingrid and Bujack, Roxana and Garth, Christoph and
		  Wang, Bei},
  journal	= {Foundations of Data Visualization},
  pages		= {87},
  year		= {2020},
  publisher	= {Springer Nature}
}

@Manual{	  htmlwidgets2021,
  title		= {htmlwidgets: HTML Widgets for R},
  author	= {Ramnath Vaidyanathan and Yihui Xie and JJ Allaire and Joe
		  Cheng and Carson Sievert and Kenton Russell},
  year		= {2021},
  note		= {R package version 1.5.4},
  url		= {https://CRAN.R-project.org/package=htmlwidgets}
}

@Manual{	  htmlwidgets2021,
  title		= {htmlwidgets: HTML Widgets for R},
  author	= {Ramnath Vaidyanathan and Yihui Xie and JJ Allaire and Joe
		  Cheng and Carson Sievert and Kenton Russell},
  year		= {2021},
  note		= {R package version 1.5.4},
  url		= {https://CRAN.R-project.org/package=htmlwidgets}
}

@Article{	  hullman2013,
  title		= {A deeper understanding of sequence in narrative
		  visualization},
  author	= {Hullman, Jessica and Drucker, Steven and Riche, Nathalie
		  Henry and Lee, Bongshin and Fisher, Danyel and Adar,
		  Eytan},
  journal	= {IEEE Transactions on visualization and computer graphics},
  volume	= {19},
  number	= {12},
  pages		= {2406--2415},
  year		= {2013},
  publisher	= {IEEE}
}

@Misc{		  jakevdp2019,
  author	= {jakevdp},
  year		= {2019},
  journal	= {StackOverflow},
  url		= {https://stackoverflow.com/questions/56417028/altair-how-to-create-multi-panel-line-plot-with-linked-brushing}
}

@Article{	  jankun2007,
  title		= {A model and framework for visualization exploration},
  author	= {Jankun-Kelly, TJ and Ma, Kwan-Liu and Gertz, Michael},
  journal	= {IEEE Transactions on Visualization and Computer Graphics},
  volume	= {13},
  number	= {2},
  pages		= {357--369},
  year		= {2007},
  publisher	= {IEEE}
}

@Article{	  janvrin2014,
  title		= {Making sense of complex data using interactive data
		  visualization},
  author	= {Janvrin, Diane J and Raschke, Robyn L and Dilla, William
		  N},
  journal	= {Journal of Accounting Education},
  volume	= {32},
  number	= {4},
  pages		= {31--48},
  year		= {2014},
  publisher	= {Elsevier}
}

@Article{	  janvrin2014making,
  title		= {Making sense of complex data using interactive data
		  visualization},
  author	= {Janvrin, Diane J and Raschke, Robyn L and Dilla, William
		  N},
  journal	= {Journal of Accounting Education},
  volume	= {32},
  number	= {4},
  pages		= {31--48},
  year		= {2014},
  publisher	= {Elsevier}
}

@Article{	  johnson2011,
  title		= {Development of visual perception},
  author	= {Johnson, Scott P},
  journal	= {Wiley Interdisciplinary Reviews: Cognitive Science},
  volume	= {2},
  number	= {5},
  pages		= {515--528},
  year		= {2011},
  publisher	= {Wiley Online Library}
}

@InProceedings{	  kehrer2012,
  title		= {A generic model for the integration of interactive
		  visualization and statistical computing using R},
  author	= {Kehrer, Johannes and Boubela, Roland N and Filzmoser,
		  Peter and Piringer, Harald},
  booktitle	= {2012 IEEE Conference on Visual Analytics Science and
		  Technology (VAST)},
  pages		= {233--234},
  year		= {2012},
  organization	= {IEEE}
}

@Article{	  keim2002,
  title		= {Information visualization and visual data mining},
  author	= {Keim, Daniel A},
  journal	= {IEEE transactions on Visualization and Computer Graphics},
  volume	= {8},
  number	= {1},
  pages		= {1--8},
  year		= {2002},
  publisher	= {IEEE}
}

@Article{	  keim2002,
  title		= {Information visualization and visual data mining},
  author	= {Keim, Daniel A},
  journal	= {IEEE transactions on Visualization and Computer Graphics},
  volume	= {8},
  number	= {1},
  pages		= {1--8},
  year		= {2002},
  publisher	= {IEEE}
}

@InProceedings{	  kim2022,
  title		= {Cicero: A declarative grammar for responsive
		  visualization},
  author	= {Kim, Hyeok and Rossi, Ryan and Du, Fan and Koh, Eunyee and
		  Guo, Shunan and Hullman, Jessica and Hoffswell, Jane},
  booktitle	= {Proceedings of the 2022 CHI Conference on Human Factors in
		  Computing Systems},
  pages		= {1--15},
  year		= {2022}
}

@Article{	  kindlmann2014,
  title		= {An algebraic process for visualization design},
  author	= {Kindlmann, Gordon and Scheidegger, Carlos},
  journal	= {IEEE transactions on visualization and computer graphics},
  volume	= {20},
  number	= {12},
  pages		= {2181--2190},
  year		= {2014},
  publisher	= {IEEE}
}

@Book{		  knaflic2015,
  title		= {Storytelling with data: A data visualization guide for
		  business professionals},
  author	= {Knaflic, Cole Nussbaumer},
  year		= {2015},
  publisher	= {John Wiley \& Sons}
}

@Article{	  knudsen2020,
  title		= {Evolution of neural processing for visual perception in
		  vertebrates},
  author	= {Knudsen, Eric I},
  journal	= {Journal of Comparative Neurology},
  volume	= {528},
  number	= {17},
  pages		= {2888--2901},
  year		= {2020},
  publisher	= {Wiley Online Library}
}

@Misc{		  kosara2016,
  author	= {Kosara, Robert},
  title		= {{Stacked Bars Are the Worst}},
  year		= {2016},
  month		= aug,
  note		= {[Online; accessed 10. Nov. 2023]},
  url		= {https://eagereyes.org/blog/2016/stacked-bars-are-the-worst}
}

@Misc{		  kruskal1964,
  title		= {{Multidimensional Scaling}},
  author	= {Kruskal, J. B.},
  year		= {1965},
  month		= oct,
  note		= {[Online; accessed 13. Oct. 2022]},
  url		= {https://community.amstat.org/jointscsg-section/media/videos}
}

@Misc{		  kruskal1964,
  title		= {{Multidimensional Scaling}},
  author	= {Kruskal, J. B.},
  year		= {1965},
  month		= oct,
  note		= {[Online; accessed 13. Oct. 2022]},
  url		= {https://community.amstat.org/jointscsg-section/media/videos}
}

@Manual{	  kunst2022,
  title		= {highcharter: A Wrapper for the 'Highcharts' Library},
  author	= {Joshua Kunst},
  year		= {2022},
  note		= {https://jkunst.com/highcharter/,
		  https://github.com/jbkunst/highcharter}
}

@Manual{	  kunst2022,
  title		= {highcharter: A Wrapper for the 'Highcharts' Library},
  author	= {Joshua Kunst},
  year		= {2022},
  note		= {https://jkunst.com/highcharter/,
		  https://github.com/jbkunst/highcharter}
}

@Article{	  lammel2008,
  title		= {Google’s MapReduce programming model—Revisited},
  author	= {L{\"a}mmel, Ralf},
  journal	= {Science of computer programming},
  volume	= {70},
  number	= {1},
  pages		= {1--30},
  year		= {2008},
  publisher	= {Elsevier}
}

@Article{	  lawrence2009,
  title		= {Extending the GGobi pipeline from R: Rapid prototyping of
		  interactive visualizations},
  author	= {Lawrence, Michael and Wickham, Hadley and Cook, Dianne and
		  Hofmann, Heike and Swayne, Deborah F},
  journal	= {Computational Statistics},
  volume	= {24},
  pages		= {195--205},
  year		= {2009},
  publisher	= {Springer}
}

@Book{		  lawvere2009,
  title		= {Conceptual mathematics: a first introduction to
		  categories},
  author	= {Lawvere, F William and Schanuel, Stephen H},
  year		= {2009},
  publisher	= {Cambridge University Press}
}

@Book{		  leinster2014,
  title		= {Basic category theory},
  author	= {Leinster, Tom},
  volume	= {143},
  year		= {2014},
  publisher	= {Cambridge University Press}
}

@Article{	  lekschas2023,
  title		= {Regl-Scatterplot: A Scalable Interactive JavaScript-based
		  Scatter Plot Library},
  author	= {Lekschas, Fritz},
  journal	= {Journal of Open Source Software},
  volume	= {8},
  number	= {84},
  pages		= {5275},
  year		= {2023}
}

@Article{	  leman2013,
  title		= {Visual to parametric interaction (v2pi)},
  author	= {Leman, Scotland C and House, Leanna and Maiti, Dipayan and
		  Endert, Alex and North, Chris},
  journal	= {PloS one},
  volume	= {8},
  number	= {3},
  pages		= {e50474},
  year		= {2013},
  publisher	= {Public Library of Science San Francisco, USA}
}

@Article{	  leman2013,
  title		= {Visual to parametric interaction (v2pi)},
  author	= {Leman, Scotland C and House, Leanna and Maiti, Dipayan and
		  Endert, Alex and North, Chris},
  journal	= {PloS one},
  volume	= {8},
  number	= {3},
  pages		= {e50474},
  year		= {2013},
  publisher	= {Public Library of Science San Francisco, USA}
}

@Article{	  lin2013,
  title		= {Monoidify! monoids as a design principle for efficient
		  mapreduce algorithms},
  author	= {Lin, Jimmy},
  journal	= {arXiv preprint arXiv:1304.7544},
  year		= {2013}
}

@Book{		  mansilla2018,
  title		= {Reactive Programming with RxJS 5: Untangle Your
		  Asynchronous JavaScript Code},
  author	= {Mansilla, Sergi},
  year		= {2018},
  publisher	= {The Pragmatic Programmers LLC}
}

@Book{		  mayr1999,
  title		= {Systematics and the origin of species, from the viewpoint
		  of a zoologist},
  author	= {Mayr, Ernst},
  year		= {1999},
  publisher	= {Harvard University Press}
}

@Book{		  mccloud1994apr,
  author	= {McCloud, Scott},
  title		= {{Understanding Comics: The Invisible Art}},
  year		= {1994},
  month		= apr,
  isbn		= {978-0-06097625-5},
  publisher	= {William Morrow Paperbacks},
  address	= {New York, NY, USA}
}

@Book{		  mccloud1994apr,
  author	= {McCloud, Scott},
  title		= {{Understanding Comics: The Invisible Art}},
  year		= {1994},
  month		= apr,
  isbn		= {978-0-06097625-5},
  publisher	= {William Morrow Paperbacks},
  address	= {New York, NY, USA}
}

@Article{	  mcnutt2022,
  title		= {No grammar to rule them all: A survey of json-style dsls
		  for visualization},
  author	= {McNutt, Andrew M},
  journal	= {IEEE Transactions on Visualization and Computer Graphics},
  volume	= {29},
  number	= {1},
  pages		= {160--170},
  year		= {2022},
  publisher	= {IEEE}
}

@Article{	  michell1986,
  title		= {Measurement scales and statistics: A clash of paradigms.},
  author	= {Michell, Joel},
  journal	= {Psychological bulletin},
  volume	= {100},
  number	= {3},
  pages		= {398},
  year		= {1986},
  publisher	= {American Psychological Association}
}

@Book{		  milewski2018,
  title		= {Category theory for programmers},
  author	= {Milewski, Bartosz},
  year		= {2018},
  publisher	= {Blurb}
}

@Misc{		  mit2023,
  author	= {{The Open Source Initiative}},
  title		= {{The MIT License}},
  year		= {2023},
  month		= feb,
  note		= {[Online; accessed 29. Mar. 2023]},
  url		= {https://opensource.org/license/mit}
}

@Article{	  moritz2018,
  title		= {Formalizing visualization design knowledge as constraints:
		  Actionable and extensible models in draco},
  author	= {Moritz, Dominik and Wang, Chenglong and Nelson, Greg L and
		  Lin, Halden and Smith, Adam M and Howe, Bill and Heer,
		  Jeffrey},
  journal	= {IEEE transactions on visualization and computer graphics},
  volume	= {25},
  number	= {1},
  pages		= {438--448},
  year		= {2018},
  publisher	= {IEEE}
}

@Book{		  murray2017,
  title		= {Interactive data visualization for the web: an
		  introduction to designing with D3},
  author	= {Murray, Scott},
  year		= {2017},
  publisher	= {" O'Reilly Media, Inc."}
}

@Misc{		  nlab2024a,
  author	= {nLab},
  title		= {strict weak order in nLab},
  year		= {2024},
  month		= apr,
  note		= {[Online; accessed 11. Apr. 2024]},
  url		= {https://ncatlab.org/nlab/show/strict+weak+order}
}

@Misc{		  nlab2024b,
  author	= {nLab},
  title		= {weak order in nLab},
  year		= {2024},
  month		= apr,
  note		= {[Online; accessed 11. Apr. 2024]},
  url		= {https://ncatlab.org/nlab/show/weak+order}
}

@Misc{		  nlab2024c,
  author	= {nLab},
  title		= {total order in nLab},
  year		= {2024},
  month		= apr,
  note		= {[Online; accessed 15. Apr. 2024]},
  url		= {https://ncatlab.org/nlab/show/total+order}
}

@Misc{		  nlab2024d,
  author	= {nLab},
  title		= {posetal reflection in nLab},
  year		= {2024},
  month		= apr,
  note		= {[Online; accessed 15. Apr. 2024]},
  url		= {https://ncatlab.org/nlab/show/posetal+reflection}
}

@Article{	  petricek2021,
  title		= {Composable data visualizations},
  author	= {Petricek, Tomas},
  journal	= {Journal of Functional Programming},
  volume	= {31},
  pages		= {e13},
  year		= {2021},
  publisher	= {Cambridge University Press}
}

@Article{	  pike2009,
  title		= {The science of interaction},
  author	= {Pike, William A and Stasko, John and Chang, Remco and
		  O'connell, Theresa A},
  journal	= {Information visualization},
  volume	= {8},
  number	= {4},
  pages		= {263--274},
  year		= {2009},
  publisher	= {SAGE Publications Sage UK: London, England}
}

@Article{	  pike2009,
  title		= {The science of interaction},
  author	= {Pike, William A and Stasko, John and Chang, Remco and
		  O'connell, Theresa A},
  journal	= {Information visualization},
  volume	= {8},
  number	= {4},
  pages		= {263--274},
  year		= {2009},
  publisher	= {SAGE Publications Sage UK: London, England}
}

@Article{	  pinker1990,
  title		= {A Theory of Graph Comprehension},
  author	= {Pinker, Steven},
  journal	= {Artificial intelligence and the future of testing},
  year		= {1990}
}

@Book{		  playfair1801,
  title		= {The commercial and political atlas: representing, by means
		  of stained copper-plate charts, the progress of the
		  commerce, revenues, expenditure and debts of england during
		  the whole of the eighteenth century},
  author	= {Playfair, William},
  year		= {1801},
  publisher	= {T. Burton}
}

@Article{	  playfair1822,
  title		= {A letter on our agricultural distresses},
  author	= {Playfair, William},
  journal	= {Their Causes and Remedies, 1st ed. William Sams, London
		  (1821)},
  year		= {1822}
}

@Misc{		  plotly2022,
  title		= {{Part 4. Interactive Graphing and Crossfiltering {$\vert$}
		  Dash for Python Documentation {$\vert$} Plotly}},
  author	= {{Plotly Inc.}},
  year		= {2022},
  month		= aug,
  note		= {[Online; accessed 22. Aug. 2022]},
  url		= {https://dash.plotly.com/interactive-graphing}
}

@Misc{		  plotly2022,
  title		= {{Part 4. Interactive Graphing and Crossfiltering {$\vert$}
		  Dash for Python Documentation {$\vert$} Plotly}},
  author	= {{Plotly Inc.}},
  year		= {2022},
  month		= aug,
  note		= {[Online; accessed 22. Aug. 2022]},
  url		= {https://dash.plotly.com/interactive-graphing}
}

@Misc{		  plotly2023,
  title		= {{Plotly: Low-Code Data App Development}},
  author	= {{Plotly Inc.}},
  year		= {2023},
  month		= mar,
  note		= {[Online; accessed 15. Mar. 2023]},
  url		= {https://plotly.com}
}

@InProceedings{	  pu2020,
  title		= {A probabilistic grammar of graphics},
  author	= {Pu, Xiaoying and Kay, Matthew},
  booktitle	= {Proceedings of the 2020 CHI Conference on Human Factors in
		  Computing Systems},
  pages		= {1--13},
  year		= {2020}
}

@Article{	  qiu2007,
  author	= {Qiu, Fangtu T. and Sugihara, Tadashi and von der Heydt,
		  R{\ifmmode\ddot{u}\else\"{u}\fi}diger},
  title		= {{Figure-ground mechanisms provide structure for selective
		  attention}},
  journal	= {Nat. Neurosci.},
  volume	= {10},
  pages		= {1492--1499},
  year		= {2007},
  month		= nov,
  issn		= {1546-1726},
  publisher	= {Nature Publishing Group},
  doi		= {10.1038/nn1989}
}

@Article{	  qiu2007,
  author	= {Qiu, Fangtu T. and Sugihara, Tadashi and von der Heydt,
		  R{\ifmmode\ddot{u}\else\"{u}\fi}diger},
  title		= {{Figure-ground mechanisms provide structure for selective
		  attention}},
  journal	= {Nat. Neurosci.},
  volume	= {10},
  pages		= {1492--1499},
  year		= {2007},
  month		= nov,
  issn		= {1546-1726},
  publisher	= {Nature Publishing Group},
  doi		= {10.1038/nn1989}
}

@Article{	  quadri2021,
  title		= {A survey of perception-based visualization studies by
		  task},
  author	= {Quadri, Ghulam Jilani and Rosen, Paul},
  journal	= {IEEE transactions on visualization and computer graphics},
  year		= {2021},
  publisher	= {IEEE}
}

@Book{		  reynolds2011,
  author	= {Reynolds, Garr},
  title		= {{Presentation Zen: Simple Ideas on Presentation Design and
		  Delivery}},
  year		= {2011},
  month		= dec,
  isbn		= {978-0-13290153-6},
  publisher	= {New Riders},
  url		= {https://books.google.co.nz/books/about/Presentation_Zen.html?id=m1xt5IMJbXAC&source=kp_book_description&redir_esc=y}
}

@Book{		  reynolds2011dec,
  author	= {Reynolds, Garr},
  title		= {{Presentation Zen: Simple Ideas on Presentation Design and
		  Delivery}},
  year		= {2011},
  month		= dec,
  isbn		= {978-0-13290153-6},
  publisher	= {New Riders},
  url		= {https://books.google.co.nz/books/about/Presentation_Zen.html?id=m1xt5IMJbXAC&source=kp_book_description&redir_esc=y}
}

@Article{	  rheingans2002,
  title		= {Are we there yet? Exploring with dynamic visualization},
  author	= {Rheingans, Penny},
  journal	= {IEEE Computer Graphics and Applications},
  volume	= {22},
  number	= {1},
  pages		= {6--10},
  year		= {2002},
  publisher	= {IEEE}
}

@Article{	  rosli2015,
  title		= {Gestalt principles in multimodal data representation},
  author	= {Rosli, Muhammad Hafiz Wan and Cabrera, Andres},
  journal	= {IEEE computer graphics and applications},
  volume	= {35},
  number	= {2},
  pages		= {80--87},
  year		= {2015},
  publisher	= {IEEE}
}

@InProceedings{	  satyanarayan2014,
  title		= {Declarative interaction design for data visualization},
  author	= {Satyanarayan, Arvind and Wongsuphasawat, Kanit and Heer,
		  Jeffrey},
  booktitle	= {Proceedings of the 27th annual ACM symposium on User
		  interface software and technology},
  pages		= {669--678},
  year		= {2014}
}

@Article{	  satyanarayan2015,
  title		= {Reactive vega: A streaming dataflow architecture for
		  declarative interactive visualization},
  author	= {Satyanarayan, Arvind and Russell, Ryan and Hoffswell, Jane
		  and Heer, Jeffrey},
  journal	= {IEEE transactions on visualization and computer graphics},
  volume	= {22},
  number	= {1},
  pages		= {659--668},
  year		= {2015},
  publisher	= {IEEE}
}

@Article{	  satyanarayan2016,
  title		= {Vega-lite: A grammar of interactive graphics},
  author	= {Satyanarayan, Arvind and Moritz, Dominik and
		  Wongsuphasawat, Kanit and Heer, Jeffrey},
  journal	= {IEEE transactions on visualization and computer graphics},
  volume	= {23},
  number	= {1},
  pages		= {341--350},
  year		= {2016},
  publisher	= {IEEE}
}

@Book{		  sievert2020,
  title		= {Interactive web-based data visualization with R, plotly,
		  and shiny},
  author	= {Sievert, Carson},
  year		= {2020},
  publisher	= {CRC Press}
}

@InProceedings{	  sinha2010,
  title		= {Human computer interaction},
  author	= {Sinha, Gaurav and Shahi, Rahul and Shankar, Mani},
  booktitle	= {2010 3rd International Conference on Emerging Trends in
		  Engineering and Technology},
  pages		= {1--4},
  year		= {2010},
  organization	= {IEEE}
}

@InProceedings{	  smeltzer2014,
  title		= {A transformational approach to data visualization},
  author	= {Smeltzer, Karl and Erwig, Martin and Metoyer, Ronald},
  booktitle	= {Proceedings of the 2014 International Conference on
		  Generative Programming: Concepts and Experiences},
  pages		= {53--62},
  year		= {2014}
}

@InProceedings{	  smeltzer2018,
  title		= {A domain-specific language for exploratory data
		  visualization},
  author	= {Smeltzer, Karl and Erwig, Martin},
  booktitle	= {Proceedings of the 17th ACM SIGPLAN International
		  Conference on Generative Programming: Concepts and
		  Experiences},
  pages		= {1--13},
  year		= {2018}
}

@Article{	  smith2003,
  title		= {The construction of social reality: An exchange},
  author	= {Smith, Barry and Searle, John},
  journal	= {American Journal of Economics and Sociology},
  pages		= {285--309},
  year		= {2003},
  publisher	= {JSTOR}
}

@Misc{		  stackexchange2024,
  author	= {Dave Abrams},
  title		= {Total weak order vs total order},
  journal	= {Mathematics Stack Exchange},
  year		= {2024},
  month		= apr,
  note		= {[Online; accessed 11. Apr. 2024]},
  url		= {https://math.stackexchange.com/questions/3793222/total-weak-order-vs-total-order}
}

@Article{	  stevens1946,
  title		= {On the theory of scales of measurement},
  author	= {Stevens, Stanley Smith},
  journal	= {Science},
  volume	= {103},
  number	= {2684},
  pages		= {677--680},
  year		= {1946},
  publisher	= {American Association for the Advancement of Science}
}

@Article{	  swayne1998,
  author	= {Swayne, Deborah F. and Cook, Dianne and Buja, Andreas},
  title		= {{XGobi: Interactive Dynamic Data Visualization in the X
		  Window System}},
  journal	= {J. Comput. Graph. Stat.},
  volume	= {7},
  number	= {1},
  pages		= {113--130},
  year		= {1998},
  month		= mar,
  issn		= {1061-8600},
  publisher	= {Taylor {\&} Francis},
  doi		= {10.1080/10618600.1998.10474764}
}

@Article{	  swayne1998,
  author	= {Swayne, Deborah F. and Cook, Dianne and Buja, Andreas},
  title		= {{XGobi: Interactive Dynamic Data Visualization in the X
		  Window System}},
  journal	= {J. Comput. Graph. Stat.},
  volume	= {7},
  number	= {1},
  pages		= {113--130},
  year		= {1998},
  month		= mar,
  issn		= {1061-8600},
  publisher	= {Taylor {\&} Francis},
  doi		= {10.1080/10618600.1998.10474764}
}

@Article{	  swayne2003,
  author	= {Swayne, Deborah F. and Lang, Duncan Temple and Buja,
		  Andreas and Cook, Dianne},
  title		= {{GGobi: evolving from XGobi into an extensible framework
		  for interactive data visualization}},
  journal	= {Comput. Statist. Data Anal.},
  volume	= {43},
  number	= {4},
  pages		= {423--444},
  year		= {2003},
  month		= aug,
  issn		= {0167-9473},
  publisher	= {North-Holland},
  doi		= {10.1016/S0167-9473(02)00286-4}
}

@Article{	  swayne2003,
  author	= {Swayne, Deborah F. and Lang, Duncan Temple and Buja,
		  Andreas and Cook, Dianne},
  title		= {{GGobi: evolving from XGobi into an extensible framework
		  for interactive data visualization}},
  journal	= {Comput. Statist. Data Anal.},
  volume	= {43},
  number	= {4},
  pages		= {423--444},
  year		= {2003},
  month		= aug,
  issn		= {0167-9473},
  publisher	= {North-Holland},
  doi		= {10.1016/S0167-9473(02)00286-4}
}

@Article{	  sweller2019,
  title		= {Cognitive architecture and instructional design: 20 years
		  later},
  author	= {Sweller, John and van Merri{\"e}nboer, Jeroen JG and Paas,
		  Fred},
  journal	= {Educational psychology review},
  volume	= {31},
  pages		= {261--292},
  year		= {2019},
  publisher	= {Springer}
}

@Misc{		  tableau2023,
  title		= {{Tableau: Business Intelligence and Analytics Software}},
  author	= {{Tableau Team}},
  journal	= {Tableau},
  year		= {2023},
  month		= mar,
  note		= {[Online; accessed 16. Mar. 2023]},
  url		= {https://www.tableau.com}
}

@Article{	  tal2015,
  title		= {Measurement in science},
  author	= {Tal, Eran},
  year		= {2015}
}

@Article{	  theus2002,
  author	= {Theus, Martin},
  title		= {{Interactive Data Visualization using Mondrian}},
  journal	= {J. Stat. Soft.},
  volume	= {7},
  pages		= {1--9},
  year		= {2002},
  month		= nov,
  issn		= {1548-7660},
  doi		= {10.18637/jss.v007.i11}
}

@Article{	  theus2002,
  author	= {Theus, Martin},
  title		= {{Interactive Data Visualization using Mondrian}},
  journal	= {J. Stat. Soft.},
  volume	= {7},
  pages		= {1--9},
  year		= {2002},
  month		= nov,
  issn		= {1548-7660},
  doi		= {10.18637/jss.v007.i11}
}

@InProceedings{	  thudt2016,
  title		= {Assessing the readability of stacked graphs},
  author	= {Thudt, Alice and Walny, Jagoda and Perin, Charles and
		  Rajabiyazdi, Fateme and MacDonald, Lindsay and Vardeleon,
		  Diane and Greenberg, Saul and Carpendale, Sheelagh},
  booktitle	= {Proceedings of Graphics Interface Conference (GI)},
  year		= {2016}
}

@TechReport{	  tierney1989,
  title		= {Xlisp-Stat},
  author	= {Tierney, Luke},
  year		= {1989},
  institution	= {School of Statistics Report}
}

@TechReport{	  tierney1989,
  title		= {Xlisp-Stat},
  author	= {Tierney, Luke},
  year		= {1989},
  institution	= {School of Statistics Report}
}

@Article{	  tierney2004,
  title		= {Some notes on the past and future of Lisp-Stat},
  author	= {Tierney, Luke},
  journal	= {Journal of Statistical Software},
  volume	= {13},
  pages		= {1--15},
  year		= {2004}
}

@Article{	  tierney2018,
  title		= {Expanding tidy data principles to facilitate missing data
		  exploration, visualization and assessment of imputations},
  author	= {Tierney, Nicholas J and Cook, Dianne H},
  journal	= {arXiv preprint arXiv:1809.02264},
  year		= {2018}
}

@Article{	  todorovic2008,
  title		= {Gestalt principles},
  author	= {Todorovic, Dejan},
  journal	= {Scholarpedia},
  volume	= {3},
  number	= {12},
  pages		= {5345},
  year		= {2008}
}

@Article{	  treisman1985,
  title		= {Preattentive processing in vision},
  author	= {Treisman, Anne},
  journal	= {Computer vision, graphics, and image processing},
  volume	= {31},
  number	= {2},
  pages		= {156--177},
  year		= {1985},
  publisher	= {Elsevier}
}

@Article{	  treue2003visual,
  title		= {Visual attention: the where, what, how and why of
		  saliency},
  author	= {Treue, Stefan},
  journal	= {Current opinion in neurobiology},
  volume	= {13},
  number	= {4},
  pages		= {428--432},
  year		= {2003},
  publisher	= {Elsevier}
}

@Article{	  treue2003visual,
  title		= {Visual attention: the where, what, how and why of
		  saliency},
  author	= {Treue, Stefan},
  journal	= {Current opinion in neurobiology},
  volume	= {13},
  number	= {4},
  pages		= {428--432},
  year		= {2003},
  publisher	= {Elsevier}
}

@Book{		  tufte2001,
  title		= {The visual display of quantitative information},
  author	= {Tufte, Edward R},
  year		= {2001},
  publisher	= {Graphics Press LLC},
  address	= {Cheshire, Connecticut}
}

@Book{		  tufte2001visual,
  title		= {The visual display of quantitative information},
  author	= {Tufte, Edward R},
  year		= {2001},
  publisher	= {Graphics Press LLC},
  address	= {Cheshire, Connecticut}
}

@Article{	  tukey1962,
  title		= {The future of data analysis},
  author	= {Tukey, John W},
  journal	= {The annals of mathematical statistics},
  volume	= {33},
  number	= {1},
  pages		= {1--67},
  year		= {1962},
  publisher	= {JSTOR}
}

@Article{	  tukey1962,
  title		= {The future of data analysis},
  author	= {Tukey, John W},
  journal	= {The annals of mathematical statistics},
  volume	= {33},
  number	= {1},
  pages		= {1--67},
  year		= {1962},
  publisher	= {JSTOR}
}

@Book{		  tukey1977,
  title		= {Exploratory data analysis},
  author	= {Tukey, John W and others},
  volume	= {2},
  year		= {1977},
  publisher	= {Reading, MA}
}

@Book{		  tukey1977,
  title		= {Exploratory data analysis},
  author	= {Tukey, John W and others},
  volume	= {2},
  year		= {1977},
  publisher	= {Reading, MA}
}

@Article{	  tversky2002,
  title		= {Animation: can it facilitate?},
  author	= {Tversky, Barbara and Morrison, Julie Bauer and
		  Betrancourt, Mireille},
  journal	= {International journal of human-computer studies},
  volume	= {57},
  number	= {4},
  pages		= {247--262},
  year		= {2002},
  publisher	= {Elsevier}
}

@Misc{		  typescript2022,
  title		= {{JavaScript With Syntax For Types.}},
  year		= {2022},
  month		= sep,
  note		= {[Online; accessed 7. Oct. 2022]},
  url		= {https://www.typescriptlang.org}
}

@Misc{		  typescript2022,
  title		= {{JavaScript With Syntax For Types.}},
  year		= {2022},
  month		= sep,
  note		= {[Online; accessed 7. Oct. 2022]},
  url		= {https://www.typescriptlang.org}
}

@Article{	  unwin1999,
  author	= {Unwin, Antony},
  title		= {{Requirements for interactive graphics software for
		  exploratory data analysis}},
  journal	= {Comput. Statist.},
  volume	= {14},
  number	= {1},
  pages		= {7--22},
  year		= {1999},
  month		= mar,
  issn		= {1613-9658},
  publisher	= {Springer Berlin Heidelberg},
  doi		= {10.1007/PL00022706}
}

@Book{		  unwin2024,
  author	= {Unwin, Antony},
  title		= {Graphical Data Analysis with R},
  year		= {2024}
}

@InProceedings{	  urbanek2003,
  title		= {iPlots: high interaction graphics for R},
  author	= {Urbanek, Simon and Theus, Martin},
  booktitle	= {Proceedings of the 3rd International Workshop on
		  Distributed Statistical Computing},
  year		= {2003},
  organization	= {Citeseer}
}

@InProceedings{	  urbanek2003,
  title		= {iPlots: high interaction graphics for R},
  author	= {Urbanek, Simon and Theus, Martin},
  booktitle	= {Proceedings of the 3rd International Workshop on
		  Distributed Statistical Computing},
  year		= {2003},
  organization	= {Citeseer}
}

@Article{	  urbanek2011,
  title		= {iPlots eXtreme: next-generation interactive graphics
		  design and implementation of modern interactive graphics},
  author	= {Urbanek, Simon},
  journal	= {Computational Statistics},
  volume	= {26},
  number	= {3},
  pages		= {381--393},
  year		= {2011},
  publisher	= {Springer}
}

@Article{	  urbanek2011,
  title		= {iPlots eXtreme: next-generation interactive graphics
		  design and implementation of modern interactive graphics},
  author	= {Urbanek, Simon},
  journal	= {Computational Statistics},
  volume	= {26},
  number	= {3},
  pages		= {381--393},
  year		= {2011},
  publisher	= {Springer}
}

@Article{	  van2003,
  title		= {Organization of visual areas in macaque and human cerebral
		  cortex},
  author	= {Van Essen, David C},
  journal	= {The visual neurosciences},
  volume	= {1},
  pages		= {507--521},
  year		= {2003},
  publisher	= {MIT press}
}

@Article{	  vanderplas2018,
  title		= {Altair: interactive statistical visualizations for
		  Python},
  author	= {Vanderplas, Jacob and Granger, Brian and Heer, Jeffrey and
		  Moritz, Dominik and Wongsuphasawat, Kanit and Satyanarayan,
		  Arvind and Lees, Eitan and Timofeev, Ilia and Welsh, Ben
		  and Sievert, Scott},
  journal	= {Journal of open source software},
  volume	= {3},
  number	= {32},
  pages		= {1057},
  year		= {2018},
  publisher	= {The Open Journal}
}

@Article{	  vanderplas2020,
  title		= {Testing Statistical Charts: What makes a good graph?},
  author	= {Vanderplas, Susan and Cook, Dianne and Hofmann, Heike},
  journal	= {Annual Review of Statistics and Its Application},
  volume	= {7},
  pages		= {61--88},
  year		= {2020},
  publisher	= {Annual Reviews}
}

@Misc{		  vegalite2022,
  title		= {{Example Gallery: Interactive}},
  author	= {{The Vega Project}},
  year		= {2022},
  month		= aug,
  note		= {[Online; accessed 22. Aug. 2022]},
  url		= {https://vega.github.io/vega-lite/examples/\#interactive}
}

@Misc{		  vegalite2022,
  title		= {{Example Gallery: Interactive}},
  author	= {{Vega Project}},
  year		= {2022},
  month		= aug,
  note		= {[Online; accessed 22. Aug. 2022]},
  url		= {https://vega.github.io/vega-lite/examples/#interactive}
}

@Article{	  velleman1993,
  title		= {Nominal, ordinal, interval, and ratio typologies are
		  misleading},
  author	= {Velleman, Paul F and Wilkinson, Leland},
  journal	= {The American Statistician},
  volume	= {47},
  number	= {1},
  pages		= {65--72},
  year		= {1993},
  publisher	= {Taylor \& Francis}
}

@Book{		  ward2015,
  title		= {Interactive Data Visualization: Foundations, Techniques,
		  and Applications},
  author	= {Ward, Matthew O and Grinstein, Georges and Keim, Daniel},
  year		= {2015},
  publisher	= {CRC Press}
}

@Book{		  ware2019,
  title		= {Information visualization: perception for design},
  author	= {Ware, Colin},
  year		= {2019},
  publisher	= {Morgan Kaufmann}
}

@Article{	  wickham2009,
  title		= {The plumbing of interactive graphics},
  author	= {Wickham, Hadley and Lawrence, Michael and Cook, Dianne and
		  Buja, Andreas and Hofmann, Heike and Swayne, Deborah F},
  journal	= {Computational Statistics},
  volume	= {24},
  pages		= {207--215},
  year		= {2009},
  publisher	= {Springer}
}

@Article{	  wickham2010,
  title		= {A layered grammar of graphics},
  author	= {Wickham, Hadley},
  journal	= {Journal of Computational and Graphical Statistics},
  volume	= {19},
  number	= {1},
  pages		= {3--28},
  year		= {2010},
  publisher	= {Taylor \& Francis}
}

@Article{	  wickham2011,
  title		= {The split-apply-combine strategy for data analysis},
  author	= {Wickham, Hadley},
  journal	= {Journal of statistical software},
  volume	= {40},
  pages		= {1--29},
  year		= {2011}
}

@Article{	  wickham2013,
  title		= {Bin-summarise-smooth: a framework for visualising large
		  data},
  author	= {Wickham, Hadley},
  journal	= {had. co. nz, Tech. Rep},
  year		= {2013}
}

@Article{	  wickham2014,
  author	= {Wickham, Hadley},
  title		= {{Tidy Data}},
  journal	= {J. Stat. Soft.},
  volume	= {59},
  pages		= {1--23},
  year		= {2014},
  month		= sep,
  issn		= {1548-7660},
  doi		= {10.18637/jss.v059.i10}
}

@Misc{		  wikipedia2022,
  author	= {{Wikipedia}},
  title		= {{Duck test - Wikipedia}},
  year		= {2022},
  month		= sep,
  note		= {[Online; accessed 6. Oct. 2022]},
  url		= {https://en.wikipedia.org/w/index.php?title=Duck_test&oldid=1110781513}
}

@Misc{		  wikipedia2022,
  author	= {{Wikipedia}},
  title		= {{Duck test - Wikipedia}},
  year		= {2022},
  month		= sep,
  note		= {[Online; accessed 6. Oct. 2022]},
  url		= {https://en.wikipedia.org/w/index.php?title=Duck_test&oldid=1110781513}
}

@Article{	  wilhelm2003,
  author	= {Wilhelm, Adalbert},
  title		= {{User interaction at various levels of data displays}},
  journal	= {Comput. Statist. Data Anal.},
  volume	= {43},
  number	= {4},
  pages		= {471--494},
  year		= {2003},
  month		= aug,
  issn		= {0167-9473},
  publisher	= {North-Holland},
  doi		= {10.1016/S0167-9473(02)00288-8}
}

@Book{		  wilke2019,
  title		= {Fundamentals of data visualization: a primer on making
		  informative and compelling figures},
  author	= {Wilke, Claus O},
  year		= {2019},
  publisher	= {O'Reilly Media}
}

@Book{		  wilkinson2012,
  title		= {The grammar of graphics},
  author	= {Wilkinson, Leland},
  year		= {2012},
  publisher	= {Springer}
}

@Book{		  wilkinson2012,
  title		= {The grammar of graphics},
  author	= {Wilkinson, Leland},
  year		= {2012},
  publisher	= {Springer}
}

@Book{		  williams2004nondesigner,
  author	= {Williams, Robin},
  title		= {{The Non-designers Design Book: Design and Typographic
		  Principles for the Visual Novice}},
  year		= {2004},
  isbn		= {978-0-32119385-8},
  publisher	= {Peachpit Press}
}

@Book{		  williams2004nondesigner,
  author	= {Williams, Robin},
  title		= {{The Non-designers Design Book: Design and Typographic
		  Principles for the Visual Novice}},
  year		= {2004},
  isbn		= {978-0-32119385-8},
  publisher	= {Peachpit Press}
}

@InCollection{	  wills2008,
  title		= {Linked data views},
  author	= {Wills, Graham},
  booktitle	= {Handbook of data visualization},
  number	= {ch. II. 9},
  pages		= {217--241},
  year		= {2008},
  publisher	= {Springer Berlin/Heidelberg, Germany}
}

@Book{		  wills2011,
  title		= {Visualizing time: Designing graphical representations for
		  statistical data},
  author	= {Wills, Graham},
  year		= {2011},
  publisher	= {Springer Science \& Business Media}
}

@Article{	  wirfs-brock2020,
  author	= {Wirfs-Brock, Allen and Eich, Brendan},
  title		= {{JavaScript: the first 20 years}},
  journal	= {Proc. ACM Program. Lang.},
  volume	= {4},
  number	= {HOPL},
  pages		= {1--189},
  year		= {2020},
  month		= jun,
  issn		= {2475-1421},
  publisher	= {Association for Computing Machinery},
  doi		= {10.1145/3386327}
}

@Article{	  wirfs-brock2020,
  author	= {Wirfs-Brock, Allen and Eich, Brendan},
  title		= {{JavaScript: the first 20 years}},
  journal	= {Proc. ACM Program. Lang.},
  volume	= {4},
  number	= {HOPL},
  pages		= {1--189},
  year		= {2020},
  month		= jun,
  issn		= {2475-1421},
  publisher	= {Association for Computing Machinery},
  doi		= {10.1145/3386327}
}

@Article{	  wu2022,
  title		= {View composition algebra for ad hoc comparison},
  author	= {Wu, Eugene},
  journal	= {IEEE Transactions on Visualization and Computer Graphics},
  volume	= {28},
  number	= {6},
  pages		= {2470--2485},
  year		= {2022},
  publisher	= {IEEE}
}

@Article{	  xie2014,
  title		= {Reactive programming for interactive graphics},
  author	= {Xie, Yihui and Hofmann, Heike and Cheng, Xiaoyue},
  journal	= {Statistical Science},
  pages		= {201--213},
  year		= {2014},
  publisher	= {JSTOR}
}

@Article{	  yi2007,
  title		= {Toward a deeper understanding of the role of interaction
		  in information visualization},
  author	= {Yi, Ji Soo and ah Kang, Youn and Stasko, John and Jacko,
		  Julie A},
  journal	= {IEEE transactions on visualization and computer graphics},
  volume	= {13},
  number	= {6},
  pages		= {1224--1231},
  year		= {2007},
  publisher	= {IEEE}
}

@Article{	  yi2007toward,
  title		= {Toward a deeper understanding of the role of interaction
		  in information visualization},
  author	= {Yi, Ji Soo and ah Kang, Youn and Stasko, John and Jacko,
		  Julie A},
  journal	= {IEEE transactions on visualization and computer graphics},
  volume	= {13},
  number	= {6},
  pages		= {1224--1231},
  year		= {2007},
  publisher	= {IEEE}
}

@Article{	  yorgey2012,
  title		= {Monoids: theme and variations (functional pearl)},
  author	= {Yorgey, Brent A},
  journal	= {ACM SIGPLAN Notices},
  volume	= {47},
  number	= {12},
  pages		= {105--116},
  year		= {2012},
  publisher	= {ACM New York, NY, USA}
}

@Book{		  young2011,
  title		= {Visual statistics: seeing data with dynamic interactive
		  graphics},
  author	= {Young, Forrest W and Valero-Mora, Pedro M and Friendly,
		  Michael},
  year		= {2011},
  publisher	= {John Wiley \& Sons}
}

@Book{		  young2011,
  title		= {Visual statistics: seeing data with dynamic interactive
		  graphics},
  author	= {Young, Forrest W and Valero-Mora, Pedro M and Friendly,
		  Michael},
  year		= {2011},
  publisher	= {John Wiley \& Sons}
}

@InCollection{	  ziemkiewicz2009,
  title		= {Embedding information visualization within visual
		  representation},
  author	= {Ziemkiewicz, Caroline and Kosara, Robert},
  booktitle	= {Advances in Information and Intelligent Systems},
  pages		= {307--326},
  year		= {2009},
  publisher	= {Springer}
}
